<record><leader>00000cas a22000007a 4500</leader><controlfield tag="001">18903121</controlfield><controlfield tag="008">881215d18761968mouwr ne      0    0eng d</controlfield><datafield ind1=" " ind2=" " tag="010"><subfield code="a">sn 88068135 </subfield></datafield><datafield ind1=" " ind2=" " tag="040"><subfield code="a">MQN</subfield><subfield code="b">eng</subfield><subfield code="c">MQN</subfield><subfield code="d">OCLCQ</subfield></datafield><datafield ind1=" " ind2=" " tag="042"><subfield code="a">msc</subfield></datafield><datafield ind1="0" ind2="4" tag="245"><subfield code="a">The Pineville democrat.</subfield></datafield><datafield ind1=" " ind2=" " tag="260"><subfield code="a">Pineville, M'Donald County, Mo. :</subfield><subfield code="b">Joseph W. Kelly,</subfield><subfield code="c">-1968.</subfield></datafield><datafield ind1=" " ind2=" " tag="300"><subfield code="a">v.</subfield></datafield><datafield ind1=" " ind2=" " tag="310"><subfield code="a">Weekly</subfield></datafield><datafield ind1="1" ind2=" " tag="362"><subfield code="a">Began in 1876?</subfield></datafield><datafield ind1="0" ind2=" " tag="362"><subfield code="a">-v. 94, [no. 18] (Mar. 28, 1968).</subfield></datafield><datafield ind1=" " ind2=" " tag="515"><subfield code="a">Issue for Mar. 28, 1968 has vol. number only, but constitutes v. 94, no. 18.</subfield></datafield><datafield ind1=" " ind2=" " tag="588"><subfield code="a">Description based on: Vol. 24, no. 46 (Jan. 6, 1899).</subfield></datafield><datafield ind1=" " ind2=" " tag="752"><subfield code="a">United States</subfield><subfield code="b">Missouri</subfield><subfield code="c">McDonald</subfield><subfield code="d">Pineville.</subfield></datafield><datafield ind1="0" ind2="5" tag="780"><subfield code="t">Pineville herald (Pineville, Mo. : 1903)</subfield><subfield code="w">(DLC)sn 90073026</subfield></datafield><datafield ind1="0" ind2="0" tag="785"><subfield code="t">McDonald County news-gazette</subfield><subfield code="w">(DLC)sn 88068136</subfield></datafield></record>